<?xml version="1.0" encoding="UTF-8"?><collection xmlns="http://www.loc.gov/MARC21/slim"><record><leader>00458nam--2200181-u-4500</leader><controlfield tag="001">000056654</controlfield><controlfield tag="002">20161230</controlfield><controlfield tag="005">20170108235749</controlfield><controlfield tag="008">160405s1000------------r-----000-0-rus-d</controlfield><datafield ind1=" " ind2=" " tag="040"><subfield code="a">IFIN-HH</subfield></datafield><datafield ind1=" " ind2=" " tag="041"><subfield code="a">rus</subfield></datafield><datafield ind1=" " ind2=" " tag="080"><subfield code="a">53</subfield></datafield><datafield ind1="1" ind2=" " tag="100"><subfield code="a">Kariakin, N.I</subfield></datafield><datafield ind1="1" ind2="0" tag="245"><subfield code="a">Kratkii spravocenik po fizike</subfield><subfield code="c">N.I. Kariakin, K.N. Bistrov, P.S. Kireev</subfield></datafield><datafield ind1=" " ind2=" " tag="260"><subfield code="a">Moskva</subfield><subfield code="b">Visaia Scola</subfield><subfield code="c">?</subfield></datafield><datafield ind1=" " ind2=" " tag="300"><subfield code="a">559 p</subfield></datafield><datafield ind1="1" ind2=" " tag="700"><subfield code="a">Kireev, P.S</subfield></datafield><datafield ind1=" " ind2=" " tag="CAT"><subfield code="a">SYS</subfield><subfield code="c">20170108</subfield><subfield code="h">235749</subfield></datafield></record></collection>